<?xml version="1.0" encoding="UTF-8"?><collection xmlns="http://www.loc.gov/MARC21/slim"><record><leader>00588nam--2200205-u-4500</leader><controlfield tag="001">000053500</controlfield><controlfield tag="002">20161230</controlfield><controlfield tag="005">20161230201051</controlfield><controlfield tag="008">110408s1000------------r-----000-0-eng-d</controlfield><datafield ind1=" " ind2=" " tag="020"><subfield code="a">0471294055</subfield></datafield><datafield ind1=" " ind2=" " tag="040"><subfield code="a">IFIN-HH</subfield></datafield><datafield ind1=" " ind2=" " tag="080"><subfield code="a">520.874:550.3</subfield></datafield><datafield ind1="1" ind2=" " tag="100"><subfield code="a">Rencz, Andrew N</subfield></datafield><datafield ind1="1" ind2="0" tag="245"><subfield code="a">Remote sensing for the earth sciences</subfield><subfield code="b">Manual of remote sensing volume 3</subfield><subfield code="c">Andrew n. rencz (ed.)</subfield></datafield><datafield ind1=" " ind2=" " tag="250"><subfield code="a">Thirs Edition</subfield></datafield><datafield ind1=" " ind2=" " tag="260"><subfield code="a">New York</subfield><subfield code="b">John Wiley &amp; Sons, Inc</subfield><subfield code="c">1999</subfield></datafield><datafield ind1=" " ind2=" " tag="300"><subfield code="a">707P</subfield></datafield><datafield ind1=" " ind2="4" tag="650"><subfield code="a">Syntethic Aperture Radar</subfield></datafield><datafield ind1=" " ind2=" " tag="852"><subfield code="a">81503</subfield><subfield code="c">550.3</subfield></datafield><datafield ind1=" " ind2=" " tag="CAT"><subfield code="a">Sys</subfield><subfield code="c">20110408</subfield><subfield code="h">112730</subfield></datafield></record></collection>